@manual{assignment-simpleprobe,
	author = {Vít Kudrle and others},
	title = {Diagnostika plazmatu doutnavého výboje pomocí
		elektrostatických sond: jednoduchá sonda},
	year = {2022}
}
