@manual{assignment-simpleprobe,
	author = {Vít Kudrle and others},
	title = {Diagnostika plazmatu doutnavého výboje pomocí
		elektrostatických sond: jednoduchá sonda},
	year = {2022}
}

@manual{assignment-doubleprobe,
	author = {Vít Kudrle and others},
	title = {Studium kladného sloupce doutnavého výboje pomocí
		elektrostatických sond: dvojná sonda},
	year = {2022}
}

@manual{talsky,
	author = {Antonín Tálský and Jan Janča},
	title = {Speciální praktikum z vysokofrekvenční elektroniky
		a fyziky plazmatu},
	publisher = {Rektorát UJEP},
	year = {1975},
	edition = {1}
}
