@online{bolsig,
	title = {BOLSIG+ solver},
	url = {www.lxcat.net},
	urldate = {2022-06-01},
	version = {03/2016}
}

@online{biagi,
	title = {Biagi database},
	url = {www.lxcat.net},
	urldate = {2022-06-01}
}
